<?xml version = "1.0" encoding = "UTF-8"?><OAI-PMH xmlns="http://www.openarchives.org/OAI/2.0/" xmlns:xsi="http://www.w3.org/2001/XMLSchema-instance" xsi:schemaLocation="http://www.openarchives.org/OAI/2.0/ http://www.openarchives.org/OAI/2.0/OAI-PMH.xsd"><ListRecords><record><header><identifier>aleph-publish:036891400</identifier></header><metadata><record xmlns="http://www.ddb.de/professionell/mabxml/mabxml-1.xsd"><leader>00000nM2.01200024------h</leader><controlfield tag="LDR">00000nM2.01200024------h</controlfield><controlfield tag="FMT">MH</controlfield><datafield tag="001" ind1="-" ind2="1"><subfield code="a">HT020698114</subfield></datafield><datafield tag="002" ind1="a" ind2="1"><subfield code="a">20210114</subfield></datafield><datafield tag="026" ind1="-" ind2="1"><subfield code="a">HBZHT020698114</subfield></datafield><controlfield tag="030">a||dr||||||17</controlfield><datafield tag="036" ind1="a" ind2="1"><subfield code="a">XA-DE-NW</subfield></datafield><datafield tag="037" ind1="b" ind2="1"><subfield code="a">ger</subfield></datafield><controlfield tag="050">||||||||g|||||</controlfield><controlfield tag="051">s|||||||</controlfield><datafield tag="060" ind1="-" ind2="1"><subfield code="b">txt</subfield><subfield code="a">Text</subfield></datafield><datafield tag="061" ind1="-" ind2="1"><subfield code="b">c</subfield><subfield code="a">Computermedien</subfield></datafield><datafield tag="062" ind1="-" ind2="1"><subfield code="b">cr</subfield><subfield code="a">Online-Ressource</subfield></datafield><datafield tag="064" ind1="a" ind2="1"><subfield code="a">Forschungsbericht</subfield><subfield code="9">(DE-588)4155043-2</subfield></datafield><datafield tag="070" ind1="-" ind2="1"><subfield code="a">5</subfield></datafield><datafield tag="078" ind1="i" ind2="1"><subfield code="a">iall</subfield></datafield><datafield tag="078" ind1="r" ind2="1"><subfield code="a">epfl-5</subfield></datafield><datafield tag="080" ind1="-" ind2="1"><subfield code="a">60</subfield></datafield><datafield tag="100" ind1="-" ind2="1"><subfield code="p">Hartwig-Thurat, Eva</subfield></datafield><datafield tag="104" ind1="a" ind2="1"><subfield code="p">Krischer, Angelia</subfield></datafield><datafield tag="108" ind1="a" ind2="1"><subfield code="p">Richter, Cornelia</subfield></datafield><datafield tag="112" ind1="a" ind2="1"><subfield code="p">Uhlmann, Stephan</subfield><subfield code="9">(DE-588)1216730903</subfield></datafield><datafield tag="113" ind1="-" ind2="1"><subfield code="p">Uhlmann, S.</subfield></datafield><datafield tag="116" ind1="a" ind2="1"><subfield code="p">Faß, Thorsten</subfield><subfield code="d">1972-</subfield><subfield code="9">(DE-588)129262153</subfield></datafield><datafield tag="117" ind1="-" ind2="1"><subfield code="p">Fass, Thorsten</subfield><subfield code="d">1972-</subfield></datafield><datafield tag="200" ind1="b" ind2="1"><subfield code="k">Gesellschaft für Anlagen- und Reaktorsicherheit</subfield><subfield code="4">isb</subfield><subfield code="3">Herausgebendes Organ</subfield><subfield code="9">(DE-588)5073531-7</subfield></datafield><datafield tag="201" ind1="-" ind2="1"><subfield code="k">GRS</subfield></datafield><datafield tag="201" ind1="-" ind2="1"><subfield code="k">Gesellschaft für Anlagen- und Reaktorsicherheit (GRS) mbH</subfield></datafield><datafield tag="201" ind1="-" ind2="1"><subfield code="k">Gesellschaft für Anlagen- und Reaktorsicherheit (GRS) gGmbH</subfield></datafield><datafield tag="201" ind1="-" ind2="1"><subfield code="k">German Company for Reactor Safety</subfield></datafield><datafield tag="331" ind1="-" ind2="1"><subfield code="a">Weiterentwicklung eines Konzepts für Störfall-/Sicherheits- analysen für die Betriebsphase eines Endlagers für radioaktive Abfälle</subfield></datafield><datafield tag="335" ind1="-" ind2="1"><subfield code="a">Bericht zum Arbeitspaket 1 : sicherheitstechnische Bewertungen für Endlager am Beispiel Konrad</subfield></datafield><datafield tag="359" ind1="-" ind2="1"><subfield code="a">GRS, Gesellschaft für Anlagen- und Reaktorsicherheit (GRS) gGmbH ; Eva Hartwig-Thurat, Angelika Krischer, Cornelia Richter, Stephan Uhlmann, Thorsten Faß</subfield></datafield><datafield tag="419" ind1="-" ind2="1"><subfield code="a">Köln ; Garching b. München ; Berlin ; Braunschweig</subfield><subfield code="b">Gesellschaft für Anlagen- und Reaktorsicherheit (GRS) gGmbH</subfield><subfield code="c">September 2080</subfield></datafield><datafield tag="425" ind1="a" ind2="1"><subfield code="a">2018</subfield></datafield><datafield tag="433" ind1="-" ind2="1"><subfield code="a">1 Online-Ressource (V, 149 Seiten)</subfield></datafield><datafield tag="434" ind1="-" ind2="1"><subfield code="a">Illustrationen, Diagramme</subfield></datafield><datafield tag="443" ind1="-" ind2="1"><subfield code="a">Textdatei</subfield><subfield code="b">PDF</subfield></datafield><datafield tag="451" ind1="-" ind2="1"><subfield code="a">GRS ; 512</subfield></datafield><datafield tag="453" ind1="-" ind2="1"><subfield code="a">HT017733715</subfield></datafield><datafield tag="455" ind1="-" ind2="1"><subfield code="a">512</subfield></datafield><datafield tag="456" ind1="-" ind2="1"><subfield code="a">512</subfield></datafield><datafield tag="501" ind1="-" ind2="1"><subfield code="a">&quot;Dieser Bericht ist von der Gesellschaft für Anlagen- und Reaktorsicherheit (GRS) gGmbH mit Mitteln des Bundesministeriums für Umwelt, Naturschutz und nukleare Sicherheit (BMU) im Rahmen des FE-Vorhabens 4715E03410 erstellt worden.&quot;</subfield></datafield><datafield tag="540" ind1="a" ind2="1"><subfield code="a">978-3-946607-97-7</subfield></datafield><datafield tag="552" ind1="b" ind2="1"><subfield code="a">urn:nbn:de:hbz:5:2-933088</subfield></datafield><datafield tag="583" ind1="-" ind2="1"><subfield code="a">Archivierung/Langzeitarchivierung gewährleistet</subfield><subfield code="c">2021</subfield><subfield code="f">PENW</subfield><subfield code="5">DE-5</subfield></datafield><datafield tag="655" ind1="e" ind2="1"><subfield code="u">https://nbn-resolving.org/urn:nbn:de:hbz:5:2-933088</subfield><subfield code="x">Resolving-System</subfield><subfield code="z">kostenfrei</subfield><subfield code="3">Volltext</subfield><subfield code="A">0</subfield></datafield><controlfield tag="SYS">036891400</controlfield><datafield tag="LOW" ind1="-" ind2="1"><subfield code="a">Q0001</subfield></datafield><datafield tag="088" ind1=" " ind2=" "><subfield code="a">5</subfield></datafield></record></metadata></record></ListRecords></OAI-PMH>